@misc{CleanEval:online,
title = {CleanEval},
howpublished = {\url{http://cleaneval.sigwac.org.uk/}},
note = {(Visited on 10.10.2014)}
}


@misc{ wiki:diff,
author = "Wikipedia",
title = "Plagiarism --- {W}ikipedia{,} The Free Encyclopedia",
year = "2014",
url = {http://en.wikipedia.org/wiki/Diff_utility},
note = {(Visited on  8.12.2014)}
}


@misc{ wiki:meld,
author = "Wikipedia",
title = "Plagiarism --- {W}ikipedia{,} The Free Encyclopedia",
year = "2014",
url = {http://en.wikipedia.org/wiki/Meld_(software)},
note = {(Visited on 8.12.2014)}
}

@misc{ google:diffMatchPatch,
author = "Google",
title = "diff-match-patch",
year = "2014",
url = {https://code.google.com/p/google-diff-match-patch/},
note = {(Visited on 4.11.2014)}
}


@misc{ paper:boilerpipe,
author = "Christian Kohlschütter",
title = "Boilerplate Detection using Shallow Text Features",
year = "2010",
url = {http://www.l3s.de/~kohlschuetter/publications/wsdm187-kohlschuetter.pdf},
note = {(Visited on 2.10.2014)}
}

@misc{ algo:boilerpipe,
author = "Christian Kohlschütter",
title = "Boilerpipe Algorithm",
year = "2010",
url = {https://code.google.com/p/boilerpipe/},
note = {(Visited on 2.10.2014)}
}

@misc{ algo:justext,
author = "Jan Pomik´alek",
title = "Justext Algorithm",
year = "2011",
url = {https://code.google.com/p/justext/},
note = {(Visited on 2.10.2014)}
}

@misc{ paper:justext,
author = "Jan Pomik´alek",
title = "Justext Algorithm",
year = "2011",
url = {http://is.muni.cz/th/45523/fi_d/phdthesis.pdf},
note = {(Visited on 2.10.2014)}
}

@MISC{Finn01factor,
    author = {Aidan Finn and Nicholas Kushmerick and Barry Smyth},
    title = {Fact or fiction: Content classification for digital libraries},
    year = {2001}
}

@misc{ paper:goldminer,
author = "Istvan Endredy and Attila Novak",
title = "More Effective Boilerplate Removal—the GoldMiner Algorithm",
year = "2013",
url = {http://polibits.gelbukh.com/2013_48/More%20Effective%20Boilerplate%20Removal%20-%20the%20GoldMiner%20Algorithm.pdf},
note = {(Visited on 2.10.2014)}
}




